%% months
@string { jan = "{\bibstring{january}}" }
@string { feb = "{\bibstring{february}}" }
@string { mar = "{\bibstring{march}}" }
@string { apr = "{\bibstring{april}}" }
@string { may = "{\bibstring{may}}" }
@string { jun = "{\bibstring{june}}" }
@string { jul = "{\bibstring{july}}" }
@string { aug = "{\bibstring{august}}" }
@string { sep = "{\bibstring{september}}" }
@string { oct = "{\bibstring{october}}" }
@string { nov = "{\bibstring{november}}" }
@string { dec = "{\bibstring{december}}" }
@string { spring = "{\bibstring{spring}}" }
@string { summer = "{\bibstring{summer}}" }
@string { autumn = "{\bibstring{autumn}}" }
@string { winter = "{\bibstring{winter}}" }

